@INPROCEEDINGS{sofCom, 
author={W. Dai and S. H. Rubin}, 
booktitle={Proceedings Fifth IEEE Workshop on Mobile Computing Systems and Applications}, 
title={A supply chain model for software components management}, 
year={2003}, 
volume={}, 
number={}, 
pages={69-76}, 
keywords={software management;software reusability;object-oriented programming;knowledge management;data mining;supply chain model;software components management;software development;software reusability;component-based software engineering;knowledge management;data mining;software component manufacturer;application-specific products;software reuse;Supply chains;Supply chain management;Programming;Computer industry;Manufacturing industries;Manufacturing processes;Pulp manufacturing;Virtual manufacturing;Software quality;Software engineering}, 
doi={10.1109/IRI.2003.1251397}, 
ISSN={}, 
month={Oct},}